<record><leader>00000cas a22000007a 4500</leader><controlfield tag="001">10161338</controlfield><controlfield tag="008">831125d18661866hiudn ne      0   a0eng d</controlfield><datafield ind1=" " ind2=" " tag="010"><subfield code="a">sn 85047134 </subfield></datafield><datafield ind1=" " ind2=" " tag="040"><subfield code="a">HUH</subfield><subfield code="b">eng</subfield><subfield code="c">HUH</subfield><subfield code="d">HWN</subfield><subfield code="d">MGN</subfield><subfield code="d">CNK</subfield><subfield code="d">OCLCQ</subfield><subfield code="d">OCLCG</subfield><subfield code="d">OCLCQ</subfield><subfield code="d">OCLCF</subfield><subfield code="d">OCLCO</subfield></datafield><datafield ind1=" " ind2=" " tag="042"><subfield code="a">msc</subfield></datafield><datafield ind1=" " ind2=" " tag="043"><subfield code="a">n-us-hi</subfield></datafield><datafield ind1=" " ind2=" " tag="090"><subfield code="a">AN2</subfield><subfield code="b">.D34</subfield></datafield><datafield ind1="0" ind2="0" tag="245"><subfield code="a">Daily Hawaiian herald.</subfield></datafield><datafield ind1="3" ind2="0" tag="246"><subfield code="a">Hawaiian herald</subfield></datafield><datafield ind1=" " ind2=" " tag="260"><subfield code="a">Honolulu :</subfield><subfield code="b">J.J. Ayers,</subfield><subfield code="c">1866.</subfield></datafield><datafield ind1=" " ind2=" " tag="300"><subfield code="a">1 v. ;</subfield><subfield code="c">36 cm.</subfield></datafield><datafield ind1=" " ind2=" " tag="310"><subfield code="a">Daily (except Sat.-Sun.),</subfield><subfield code="b">Nov. 19-Dec. 21, 1866</subfield></datafield><datafield ind1=" " ind2=" " tag="321"><subfield code="a">Daily (except Sun.-Mon.),</subfield><subfield code="b">Sept. 4-Nov. 17, 1866</subfield></datafield><datafield ind1="0" ind2=" " tag="362"><subfield code="a">Vol. 1, no. 1 (Sept. 4, 1866)-v. 1, no. 80 (Dec. 21, 1866).</subfield></datafield><datafield ind1=" " ind2=" " tag="500"><subfield code="a">Editor: J.J. Ayers.</subfield></datafield><datafield ind1=" " ind2="0" tag="651"><subfield code="a">Hawaii</subfield><subfield code="v">Newspapers.</subfield></datafield><datafield ind1=" " ind2="7" tag="655"><subfield code="a">Newspapers.</subfield><subfield code="2">fast</subfield><subfield code="0">(OCoLC)fst01423814</subfield></datafield><datafield ind1=" " ind2="7" tag="651"><subfield code="a">Hawaii.</subfield><subfield code="2">fast</subfield><subfield code="0">(OCoLC)fst01208724</subfield></datafield><datafield ind1="1" ind2=" " tag="700"><subfield code="a">Ayers, James J.,</subfield><subfield code="d">1830-1897.</subfield></datafield><datafield ind1=" " ind2=" " tag="752"><subfield code="a">United States</subfield><subfield code="b">Hawaii</subfield><subfield code="c">Honolulu</subfield><subfield code="d">Honolulu.</subfield></datafield></record>